






@article{woe,
author = { David   Gough },
title = {Weight of Evidence: a framework for the appraisal of the quality and relevance of evidence},
journal = {Research Papers in Education},
volume = {22},
number = {2},
pages = {213-228},
year  = {2007},
publisher = {Routledge},
doi = {10.1080/02671520701296189},
URL = {
        https://doi.org/10.1080/02671520701296189

},
eprint = {
        https://doi.org/10.1080/02671520701296189

}

}


@inproceedings{garst,
author = {Gonçalves, Ivo and Silva, Sara and B. Melo, Joana and Carreiras, Joao},
year = {2012},
month = {04},
pages = {218-229},
title = {Random Sampling Technique for Overfitting Control in Genetic Programming},
doi = {10.1007/978-3-642-29139-5_19}
}



@article{rf01,
  author    = {Leo Breiman},
  title     = {Random Forests},
  journal   = {Machine Learning},
  volume    = {45},
  number    = {1},
  pages     = {5--32},
  year      = {2001},
  url       = {https://doi.org/10.1023/A:1010933404324},
  doi       = {10.1023/A:1010933404324},
  timestamp = {Wed, 14 Nov 2018 00:00:00 +0100},
  biburl    = {https://dblp.org/rec/bib/journals/ml/Breiman01},
  bibsource = {dblp computer science bibliography, https://dblp.org}
}



@incollection{tpe,
title = {Algorithms for Hyper-Parameter Optimization},
author = {James S. Bergstra and Bardenet, R\'{e}mi and Bengio, Yoshua and Bal\'{a}zs K\'{e}gl},
booktitle = {Advances in Neural Information Processing Systems 24},
editor = {J. Shawe-Taylor and R. S. Zemel and P. L. Bartlett and F. Pereira and K. Q. Weinberger},
pages = {2546--2554},
year = {2011},
publisher = {Curran Associates, Inc.},
url = {http://papers.nips.cc/paper/4443-algorithms-for-hyper-parameter-optimization.pdf}
}

@incollection{knn,
author = {Mucherino, Antonio and Papajorgji, Petraq and Pardalos, Panos},
year = {2009},
month = {01},
booktitle = {Data Mining in Agriculture},
volume = {34},
doi = {10.1007/978-0-387-88615-2},
chapter = {k-Nearest Neighbor Classification},
pages = {83}
}


@article{svm,
 author = {Hearst, Marti A.},
 title = {Support Vector Machines},
 journal = {IEEE Intelligent Systems},
 issue_date = {July 1998},
 volume = {13},
 number = {4},
 month = jul,
 year = {1998},
 issn = {1541-1672},
 pages = {18--28},
 numpages = {11},
 url = {http://dx.doi.org/10.1109/5254.708428},
 doi = {10.1109/5254.708428},
 acmid = {630387},
 publisher = {IEEE Educational Activities Department},
 address = {Piscataway, NJ, USA},
}

@INPROCEEDINGS{GAintroduction,
    author = {Kalyanmoy Deb and S. Karthik and Tatsuya Okabe},
    title = {An Introduction to Genetic Algorithms},
    booktitle = {Sadhana},
    year = {1999},
    pages = {293--315},
    publisher = {John Wiley & Sons, Inc}
}

@article{GAorigin,
 ISSN = {00368733, 19467087},
 URL = {http://www.jstor.org/stable/24939139},
 author = {John H. Holland},
 journal = {Scientific American},
 number = {1},
 pages = {66--73},
 publisher = {Scientific American, a division of Nature America, Inc.},
 title = {Genetic Algorithms},
 volume = {267},
 year = {1992}
}

@book{GAml,
 author = {Goldberg, David E.},
 title = {Genetic Algorithms in Search, Optimization and Machine Learning},
 year = {1989},
 isbn = {0201157675},
 edition = {1st},
 publisher = {Addison-Wesley Longman Publishing Co., Inc.},
 address = {Boston, MA, USA},
}

@inproceedings{features,
  title={Predicting Product Returns in E-Commerce: The Contribution of Mahalanobis Feature Extraction},
  author={Patrick Urbanke and Johann Kranz and Lutz Kolbe},
  booktitle={ICIS},
  year={2015}
}@techreport{Rossum:1995:PRM:869369,
 author = {Rossum, Guido},
 title = {Python Reference Manual},
 year = {1995},
 source = {http://www.ncstrl.org:8900/ncstrl/servlet/search?formname=detail\&id=oai%3Ancstrlh%3Aercim_cwi%3Aercim.cwi%2F%2FCS-R9525},
 publisher = {CWI (Centre for Mathematics and Computer Science)},
 address = {Amsterdam, The Netherlands, The Netherlands},
}

@misc{scipy,
  added-at = {2014-03-10T15:36:41.000+0100},
  author = {Jones, Eric and Oliphant, Travis and Peterson, Pearu and others},
  biburl = {https://www.bibsonomy.org/bibtex/21b37d2cc741af879d7958f2f7c23c420/microcuts},
  description = {Citing SciPy library — SciPy.org},
  interhash = {b3c160458abf36c0abe044ee9bf1d95a},
  intrahash = {1b37d2cc741af879d7958f2f7c23c420},
  keywords = {agn},
  timestamp = {2014-03-10T15:36:41.000+0100},
  title = {{SciPy}: Open source scientific tools for {Python}},
  url = {http://www.scipy.org/},
  year = {2001--}
}


@misc{seaborn,
  author       = {Michael Waskom and
                  Olga Botvinnik and
                  Paul Hobson and
                  John B. Cole and
                  Yaroslav Halchenko and
                  Stephan Hoyer and
                  Alistair Miles and
                  Tom Augspurger and
                  Tal Yarkoni and
                  Tobias Megies and
                  Luis Pedro Coelho and
                  Daniel Wehner and
                  cynddl and
                  Erik Ziegler and
                  diego0020 and
                  Yury V. Zaytsev and
                  Travis Hoppe and
                  Skipper Seabold and
                  Phillip Cloud and
                  Miikka Koskinen and
                  Kyle Meyer and
                  Adel Qalieh and
                  Dan Allan},
  title        = {seaborn: v0.5.0 (November 2014)},
  month        = nov,
  year         = 2014,
  doi          = {10.5281/zenodo.12710},
  url          = {https://doi.org/10.5281/zenodo.12710}
}

@techreport{python,
 author = {Rossum, Guido},
 title = {Python Reference Manual},
 year = {1995},
 source = {http://www.ncstrl.org:8900/ncstrl/servlet/search?formname=detail\&id=oai%3Ancstrlh%3Aercim_cwi%3Aercim.cwi%2F%2FCS-R9525},
 publisher = {CWI (Centre for Mathematics and Computer Science)},
 address = {Amsterdam, The Netherlands, The Netherlands},
}

@Article{pyplot,
  Author    = {Hunter, J. D.},
  Title     = {Matplotlib: A 2D graphics environment},
  Journal   = {Computing In Science \& Engineering},
  Volume    = {9},
  Number    = {3},
  Pages     = {90--95},
  abstract  = {Matplotlib is a 2D graphics package used for Python
  for application development, interactive scripting, and
  publication-quality image generation across user
  interfaces and operating systems.},
  publisher = {IEEE COMPUTER SOC},
  doi       = {10.1109/MCSE.2007.55},
  year      = 2007
}